%YAML 1.1
%TAG !u! tag:unity3d.com,2011:
--- !u!1 &1355390569
GameObject:
  m_ObjectHideFlags: 0
  m_CorrespondingSourceObject: {fileID: 0}
  m_PrefabInstance: {fileID: 0}
  m_PrefabAsset: {fileID: 0}
  serializedVersion: 6
  m_Component:
  - component: {fileID: 1355390570}
  - component: {fileID: 1355390571}
  m_Layer: 0
  m_Name: Audio Reverb Zone
  m_TagString: Untagged
  m_Icon: {fileID: 0}
  m_NavMeshLayer: 0
  m_StaticEditorFlags: 0
  m_IsActive: 1
--- !u!4 &1355390570
Transform:
  m_ObjectHideFlags: 0
  m_CorrespondingSourceObject: {fileID: 0}
  m_PrefabInstance: {fileID: 0}
  m_PrefabAsset: {fileID: 0}
  m_GameObject: {fileID: 1355390569}
  m_LocalRotation: {x: 0, y: 0, z: 0, w: 1}
  m_LocalPosition: {x: 0, y: 0, z: 0}
  m_LocalScale: {x: 1, y: 1, z: 1}
  m_Children: []
  m_Father: {fileID: 4728227609292260569}
  m_RootOrder: 0
  m_LocalEulerAnglesHint: {x: 0, y: 0, z: 0}
--- !u!167 &1355390571
AudioReverbZone:
  m_ObjectHideFlags: 0
  m_CorrespondingSourceObject: {fileID: 0}
  m_PrefabInstance: {fileID: 0}
  m_PrefabAsset: {fileID: 0}
  m_GameObject: {fileID: 1355390569}
  m_Enabled: 1
  m_MinDistance: 7.5554657
  m_MaxDistance: 73.13084
  m_ReverbPreset: 11
  m_Room: -1000
  m_RoomHF: -1000
  m_DecayTime: 10.05
  m_DecayHFRatio: 0.23
  m_Reflections: -602
  m_ReflectionsDelay: 0.02
  m_Reverb: 198
  m_ReverbDelay: 0.03
  m_HFReference: 5000
  m_Diffusion: 100
  m_Density: 100
  m_LFReference: 250
  m_RoomLF: 0
--- !u!1 &4728227609292260571
GameObject:
  m_ObjectHideFlags: 0
  m_CorrespondingSourceObject: {fileID: 0}
  m_PrefabInstance: {fileID: 0}
  m_PrefabAsset: {fileID: 0}
  serializedVersion: 6
  m_Component:
  - component: {fileID: 4728227609292260569}
  - component: {fileID: 4728227609292260570}
  m_Layer: 0
  m_Name: AudioManager
  m_TagString: Untagged
  m_Icon: {fileID: 0}
  m_NavMeshLayer: 0
  m_StaticEditorFlags: 0
  m_IsActive: 1
--- !u!4 &4728227609292260569
Transform:
  m_ObjectHideFlags: 0
  m_CorrespondingSourceObject: {fileID: 0}
  m_PrefabInstance: {fileID: 0}
  m_PrefabAsset: {fileID: 0}
  m_GameObject: {fileID: 4728227609292260571}
  m_LocalRotation: {x: 0, y: 0, z: 0, w: 1}
  m_LocalPosition: {x: 0, y: 0, z: 0}
  m_LocalScale: {x: 1, y: 1, z: 1}
  m_Children:
  - {fileID: 1355390570}
  m_Father: {fileID: 0}
  m_RootOrder: 0
  m_LocalEulerAnglesHint: {x: 0, y: 0, z: 0}
--- !u!114 &4728227609292260570
MonoBehaviour:
  m_ObjectHideFlags: 0
  m_CorrespondingSourceObject: {fileID: 0}
  m_PrefabInstance: {fileID: 0}
  m_PrefabAsset: {fileID: 0}
  m_GameObject: {fileID: 4728227609292260571}
  m_Enabled: 1
  m_EditorHideFlags: 0
  m_Script: {fileID: 11500000, guid: e9cbf4ee2c7a3482293782c970b4c382, type: 3}
  m_Name: 
  m_EditorClassIdentifier: 
  IntroMusic: {fileID: 0}
  GameMusic: {fileID: 0}
  DrumBeat: {fileID: 0}
  SFXAudioSource: {fileID: 0}
  WindSource: {fileID: 0}
  FlipAudio: {fileID: 0}
  SwipeStartAudio: {fileID: 8300000, guid: fa441a6ed23df4467b1d430d83a214b3, type: 3}
  SwipeEndAudio: {fileID: 0}
  InvalidSwipeAudio: {fileID: 8300000, guid: adfda3fcc48bd427eb976edfc1563e2c, type: 3}
  HitGroundAudio: {fileID: 8300000, guid: 409df36874a354b94afc7488b3164d4f, type: 3}
  HitPlatformAudio: {fileID: 8300000, guid: 8f57063a5c36249f4820419319e4f2d2, type: 3}
  HitObstacleAudio: {fileID: 8300000, guid: 409df36874a354b94afc7488b3164d4f, type: 3}
  LandAudio: {fileID: 8300000, guid: 12b960083f176446d9952ac5a9234950, type: 3}
  StartPlayAudio: {fileID: 8300000, guid: 03106285734cd435aa000c87936c9d01, type: 3}
  GameOverAudio: {fileID: 8300000, guid: 409df36874a354b94afc7488b3164d4f, type: 3}
  RestartGameAudio: {fileID: 8300000, guid: 8a7d4a046601e4d72b8892c21f93cbfb, type: 3}
  LifeLostAudio: {fileID: 8300000, guid: a6fce952fde97446a89cb98f23c4a2cf, type: 3}
  LifeSavedAudio: {fileID: 8300000, guid: fafc08c1030744528b232f5274de69fb, type: 3}
  FeedbackAudio: {fileID: 8300000, guid: bd91d091273354f51a7cf1a2ca111070, type: 3}
  BonusScoreAudio: {fileID: 8300000, guid: 0f71cbd508d6247feb01d0e64333f34c, type: 3}
  PersonalBestAudio: {fileID: 8300000, guid: b4c93501614c84b7f94d599bfa30456a, type: 3}
  ShowOptionsAudio: {fileID: 8300000, guid: 9223cee3d9ddc4090a9884d65272f885, type: 3}
  HideOptionsAudio: {fileID: 8300000, guid: 8e3628ffc1c3943b2abf8257dd0aa5ed, type: 3}
